@book{gamma1994design,
  title={Design patterns: elements of reusable object-oriented software},
  author={Gamma, Erich and Helm, Richard and Johnson, Ralph and Vlissides, John},
  year={1994},
  publisher={Pearson Education}
}
@misc{posix2004,
  title={The Open Group Base Specifications Issue 7, IEEE Std 1003.1, 2013 Edition},
  author={The IEEE and The Open Group},
  year={2013},
  url={http://pubs.opengroup.org/onlinepubs/9699919799/}
}
@misc{spark2014,
    title={Faster, more capable: What Apache Spark brings to Hadoop},
    author={Nick Heath},
    year={2014},
    url={http://www.zdnet.com/faster-more-capable-what-apache-spark-brings-to-hadoop-7000026149/}
}
@inproceedings{demetrescu2011reactive,
  title={Reactive imperative programming with dataflow constraints},
  author={Demetrescu, Camil and Finocchi, Irene and Ribichini, Andrea},
  booktitle={ACM SIGPLAN Notices},
  volume={46},
  number={10},
  pages={407--426},
  year={2011},
  organization={ACM}
}
@misc{oai2008,
    title={The Open Archives Initiative Protocol for Metadata Harvesting},
    author={Carl Lagoze, Herbert Van de Sompel, Michael Nelson and Simeon Warner},
    year={2008},
    url={http://www.openarchives.org/OAI/2.0/openarchivesprotocol.htm}
}
@article{dean2008mapreduce,
  title={MapReduce: simplified data processing on large clusters},
  author={Dean, Jeffrey and Ghemawat, Sanjay},
  journal={Communications of the ACM},
  volume={51},
  number={1},
  pages={107--113},
  year={2008},
  publisher={ACM}
}
@article{behrens2011gemeinsame,
  title={Die Gemeinsame Normdatei -- ein Kooperationsprojekt},
  author={Behrens-Neumann, Renate and Pfeifer, Barbara},
  journal={Dialog mit Bibliotheken},
  number={1},
  pages={37--40},
  year={2011}
}
@article{borthakur2008hdfs,
  title={HDFS architecture guide},
  author={Borthakur, Dhruba},
  journal={HADOOP APACHE PROJECT http://hadoop. apache. org/common/docs/current/hdfs design. pdf},
  year={2008}
}
@book{white2009hadoop,
  title={Hadoop: The Definitive Guide: The Definitive Guide},
  author={White, Tom},
  year={2009},
  publisher={O'Reilly Media}
}
@book{GBV0007757838,
title = {Projekt finc Ein Open Source Discovery System f\"ur s\"achsische Hochschulbibliotheken},
shorttitle = {Projekt finc Ein Open Source Discovery System f\"ur s\"achsische Hochschulbibliotheken},
volume = {BIS - Das Magazin der Bibliotheken in Sachsen 5(2012)2  S. 72 - 76},
author = {Jens Lazarus},
editor = {Björn Muschall},
editor = {Leander Seige},
editor = {Evelyn Weiser},
publisher = {Saechsische Landesbibliothek- Staats- und Universitaetsbibliothek Dresden Dresden},
publisher = {SLUB Dresden Dresden},
year = {2012},
abstract = {Kein roter Knopf wurde gedrückt, keine große Rede gehalten: einige Klicks, etwas Tastengeklapper und der neue Katalog der Universitätsbibliothek Leipzig war online. Was am 21. März des Jahres gegen 12 Uhr so unspektakulär und doch nicht ohne Lampenfieber über die Bühne ging, hat inzwischen einige Beachtung gefunden. Es folgten kollegiale Glückwünsche und ein starkes Interesse aus vielen Bibliotheken, von denen die entfernteste sicher die Technical University Sydney ist. Für die Beteiligten aber am wichtigsten war ein weitgehend positives, manchmal geradezu begeistertes Feedback im Chat und im Blog durch die Nutzerinnen und Nutzer der Universitätsbibliothek Leipzig. Die kritischen Hinweise kommen meist aus dem eigenen Haus: Der Katalog ist uns wichtig, wir wollen ihn noch besser machen!},
note = {article},
url = {http://nbn-resolving.de/urn:nbn:de:bsz:14-qucosa-89522},
url = {http://www.qucosa.de/fileadmin/data/qucosa/documents/8952/BIS2_12_Lazarus.pdf}
}
@article{haerder1983principles,
  title={Principles of transaction-oriented database recovery},
  author={Haerder, Theo and Reuter, Andreas},
  journal={ACM Computing Surveys (CSUR)},
  volume={15},
  number={4},
  pages={287--317},
  year={1983},
  publisher={ACM}
}
